<collection xmlns="http://www.loc.gov/MARC21/slim">
<record>
  <leader>01287nam0a22002651i 450 </leader>
  <controlfield tag="001">IT\ICCU\CNCE\065693</controlfield>
  <controlfield tag="005">20080118000000.0</controlfield>
  <datafield tag="012" ind1=" " ind2=" ">
    <subfield code="a">o-l- c.ta nsu- opge (3) 1577 (A)</subfield>
    <subfield code="2">fei</subfield>
  </datafield>
  <datafield tag="100" ind1=" " ind2=" ">
    <subfield code="a">20060727d1577        0itac0103    ba</subfield>
  </datafield>
  <datafield tag="101" ind1=" " ind2=" ">
    <subfield code="a">LAT</subfield>
  </datafield>
  <datafield tag="102" ind1=" " ind2=" ">
    <subfield code="a">IT</subfield>
  </datafield>
  <datafield tag="200" ind1="1" ind2=" ">
    <subfield code="a">Contextus vniuersae grammatices Despauterianae. Primae partis, syntaxeos, artis versificatoriae, &amp; figurarum: cum suorum commentariorum epitome, quam fieri potuit breuissime concinata, per Ioannem Pellissonem Condriensem</subfield>
  </datafield>
  <datafield tag="210" ind1=" " ind2=" ">
    <subfield code="a">Mediolani</subfield>
    <subfield code="c">apud Valerium de Meda</subfield>
    <subfield code="d">1577</subfield>
    <subfield code="e">Mediolani</subfield>
    <subfield code="g">apud Valerium de Meda</subfield>
    <subfield code="h">1577</subfield>
  </datafield>
  <datafield tag="215" ind1=" " ind2=" ">
    <subfield code="a">194 \i.e. 196! c.</subfield>
    <subfield code="d">8ʻ</subfield>
  </datafield>
  <datafield tag="620" ind1=" " ind2=" ">
    <subfield code="a">IT</subfield>
    <subfield code="d">Milano</subfield>
  </datafield>
  <datafield tag="700" ind1=" " ind2="1">
    <subfield code="a">Pellisson,</subfield>
    <subfield code="b">Jean</subfield>
    <subfield code="3">IT\ICCU\CNCA\007185</subfield>
  </datafield>
  <datafield tag="702" ind1=" " ind2="1">
    <subfield code="a">Despautr̈e,</subfield>
    <subfield code="b">Jean</subfield>
    <subfield code="3">IT\ICCU\CNCA\004785</subfield>
  </datafield>
  <datafield tag="712" ind1="0" ind2="0">
    <subfield code="a">Meda, Valerio</subfield>
    <subfield code="3">IT\ICCU\CNCT\000444</subfield>
    <subfield code="4">650</subfield>
  </datafield>
  <datafield tag="790" ind1=" " ind2="1">
    <subfield code="a">Pelisson,</subfield>
    <subfield code="b">Ioannes</subfield>
    <subfield code="3">IT\ICCU\CNCA\022112</subfield>
    <subfield code="z">Pellisson, Jean</subfield>
  </datafield>
  <datafield tag="790" ind1=" " ind2="1">
    <subfield code="a">Despauterius,</subfield>
    <subfield code="b">Joannes</subfield>
    <subfield code="3">IT\ICCU\CNCA\004786</subfield>
    <subfield code="z">Despautr̈e, Jean</subfield>
  </datafield>
  <datafield tag="790" ind1=" " ind2="1">
    <subfield code="a">Pauteren,</subfield>
    <subfield code="b">Jan : van</subfield>
    <subfield code="3">IT\ICCU\CNCA\004787</subfield>
    <subfield code="z">Despautr̈e, Jean</subfield>
  </datafield>
  <datafield tag="790" ind1=" " ind2="1">
    <subfield code="a">Spauter,</subfield>
    <subfield code="b">Johannes : de</subfield>
    <subfield code="3">IT\ICCU\CNCA\014920</subfield>
    <subfield code="z">Despautr̈e, Jean</subfield>
  </datafield>
  <datafield tag="791" ind1="0" ind2="0">
    <subfield code="a">Metius, Valerius</subfield>
    <subfield code="3">IT\ICCU\CNCT\003995</subfield>
    <subfield code="z">Meda, Valerio</subfield>
  </datafield>
  <datafield tag="801" ind1=" " ind2="3">
    <subfield code="a">IT</subfield>
    <subfield code="b">ICCU</subfield>
    <subfield code="c">20201115</subfield>
  </datafield>
  <datafield tag="899" ind1=" " ind2=" ">
    <subfield code="a">Biblioteca civica Gianfranco Contini. Domodossola</subfield>
    <subfield code="1">VB0006</subfield>
    <subfield code="2">TO0 U5</subfield>
  </datafield>
</record>
</collection>
